@inproceedings{schrepp2014applying,
	title={Applying the user experience questionnaire (UEQ) in different evaluation scenarios},
	author={Schrepp, Martin and Hinderks, Andreas and Thomaschewski, J{\"o}rg},
	booktitle={International Conference of Design, User Experience, and Usability},
	pages={383--392},
	year={2014},
	organization={Springer},
	address={Heraklion, Crete, Greece}
}

@book{ramachandran2017requirements,
	title={Requirements engineering for service and cloud computing},
	author={Ramachandran, Muthu and Mahmood, Zaigham},
	year={2017},
	publisher={Springer}
}

@BOOK{Prakash2018,
	AUTHOR = {Prakash, Naveen and Prakash, Deepika},
	YEAR = {2018},
	TITLE = {Data Warehouse Requirements Engineering - A Decision Based Approach},
	EDITION = {},
	ISBN = {978-9-811-07019-8},
	PUBLISHER = {Springer},
	ADDRESS = {Berlin, Heidelberg},
}

@INPROCEEDINGS{Moore99,
  AUTHOR =       "R. Moore and J. Lopes",
  TITLE =        "Paper templates",
  BOOKTITLE =    "TEMPLATE'06, 1st International Conference on Template Production",
  YEAR =         "1999",
  publisher =    "SCITEPRESS",
  file = F
}

@BOOK{Smith98,
  AUTHOR =       "J. Smith",
  TITLE =        "The Book",
  PUBLISHER =    "The publishing company",
  YEAR =         "1998",
  address =      "London",
  edition =      "2nd",
  file = F
}
